<record xmlns="http://www.loc.gov/MARC21/slim">
   <leader>02693cam a2200373 i 45 0</leader>
   <controlfield tag="001">6855914</controlfield>
   <controlfield tag="003">OCoLC</controlfield>
   <controlfield tag="005">20151001140340.0</controlfield>
   <controlfield tag="008">140919s2015    waua          001 0 eng d</controlfield>
   <datafield ind1=" " ind2=" " tag="010">
      <subfield code="a">  2014951856</subfield>
   </datafield>
   <datafield ind1=" " ind2=" " tag="020">
      <subfield code="a">9780735697058</subfield>
      <subfield code="q">(paperback)</subfield>
   </datafield>
   <datafield ind1=" " ind2=" " tag="020">
      <subfield code="a">0735697051</subfield>
      <subfield code="q">(paperback)</subfield>
   </datafield>
   <datafield ind1=" " ind2=" " tag="040">
      <subfield code="a">BTCTA</subfield>
      <subfield code="b">eng</subfield>
      <subfield code="e">rda</subfield>
      <subfield code="c">BTCTA</subfield>
      <subfield code="d">DLC</subfield>
      <subfield code="d">BDX</subfield>
      <subfield code="d">YDXCP</subfield>
      <subfield code="d">IVJ</subfield>
      <subfield code="d">IG$</subfield>
      <subfield code="d">OCLCF</subfield>
      <subfield code="d">NYP</subfield>
      <subfield code="d">NZAUC</subfield>
      <subfield code="d">SAD</subfield>
      <subfield code="d">AGPC</subfield>
   </datafield>
   <datafield ind1=" " ind2=" " tag="042">
      <subfield code="a">lccopycat</subfield>
   </datafield>
   <datafield ind1="0" ind2="0" tag="050">
      <subfield code="a">QA76.585</subfield>
      <subfield code="b">.B37 2015</subfield>
   </datafield>
   <datafield ind1="0" ind2="4" tag="082">
      <subfield code="a">004.67/82</subfield>
      <subfield code="2">23</subfield>
   </datafield>
   <datafield ind1=" " ind2=" " tag="090">
      <subfield code="a">QA 76.585 B37 2015</subfield>
      <subfield code="b">AGPC</subfield>
   </datafield>
   <datafield ind1="1" ind2=" " tag="100">
      <subfield code="a">Barton, Blain,</subfield>
      <subfield code="e">author.</subfield>
   </datafield>
   <datafield ind1="1" ind2="0" tag="245">
      <subfield code="a">Microsoft public cloud services :</subfield>
      <subfield code="b">setting up your business in the cloud /</subfield>
      <subfield code="c">Blain Baron.</subfield>
   </datafield>
   <datafield ind1=" " ind2="1" tag="264">
      <subfield code="a">Redmond, Washington :</subfield>
      <subfield code="b">Microsoft Press,</subfield>
      <subfield code="c">[2015]</subfield>
   </datafield>
   <datafield ind1=" " ind2="4" tag="264">
      <subfield code="c">©2015</subfield>
   </datafield>
   <datafield ind1=" " ind2=" " tag="300">
      <subfield code="a">xviii, 297 pages :</subfield>
      <subfield code="b">illustrations ;</subfield>
      <subfield code="c">23 cm</subfield>
   </datafield>
   <datafield ind1=" " ind2=" " tag="336">
      <subfield code="a">text</subfield>
      <subfield code="b">txt</subfield>
      <subfield code="2">rdacontent</subfield>
   </datafield>
   <datafield ind1=" " ind2=" " tag="337">
      <subfield code="a">unmediated</subfield>
      <subfield code="b">n</subfield>
      <subfield code="2">rdamedia</subfield>
   </datafield>
   <datafield ind1=" " ind2=" " tag="338">
      <subfield code="a">volume</subfield>
      <subfield code="b">nc</subfield>
      <subfield code="2">rdacarrier</subfield>
   </datafield>
   <datafield ind1=" " ind2=" " tag="500">
      <subfield code="a">Includes index.</subfield>
   </datafield>
   <datafield ind1="0" ind2=" " tag="505">
      <subfield code="a">What the cloud can do for your business -- Get started with Office 365 -- Store your files in the cloud by using OneDrive for Business -- Keep track of customers by using Microsoft Dynamics CRM Online -- Manage devices in the cloud by using Microsoft Intune -- Build and run servers without using hardware -- Understand Server Manager -- Run Windows apps remotely -- Give users access to third-party apps -- Build a website for your business -- Build a Windows app by using Windows App Studio.</subfield>
   </datafield>
   <datafield ind1=" " ind2=" " tag="520">
      <subfield code="a">"Get practical instructions and real-world advice for setting up public cloud services using Microsoft cloud technologies. This book is structured into lessons with links to demos and labs to give you hands-on experience setting up a work environment, building websites, customizing online marketing, building customized apps, and other essential tasks. With guidance from two experts in Microsoft cloud technologies, you will: Step through the process of setting up your business in the cloud; learn how to use the latest technology without investing in hardware and software; follow demos and instructions to get your business up and running quickly. Chapters will cover: working with Microsoft Office 365 and OneDrive for business; managing mobile devices with Windows Intune; using Yammer and Microsoft Dynamics CRM Online; running applications and building web sites with Azure Blending services in a holistic approach"--Publisher's description.</subfield>
   </datafield>
   <datafield ind1=" " ind2=" " tag="596">
      <subfield code="a">28</subfield>
   </datafield>
   <datafield ind1=" " ind2="0" tag="650">
      <subfield code="a">Cloud computing.</subfield>
   </datafield>
   <datafield ind1=" " ind2="0" tag="650">
      <subfield code="a">Microsoft software.</subfield>
   </datafield>
   <datafield ind1="1" ind2=" " tag="700">
      <subfield code="a">Lanham, Tracey,</subfield>
      <subfield code="e">writer of foreword.</subfield>
   </datafield>
   <datafield ind1="2" ind2=" " tag="710">
      <subfield code="a">Microsoft Corporation.</subfield>
   </datafield>
   <datafield ind1=" " ind2=" " tag="926">
      <subfield code="a">QA 76.585 B37 2015</subfield>
      <subfield code="w">LC</subfield>
      <subfield code="c">1</subfield>
      <subfield code="i">31847001280681</subfield>
      <subfield code="l">ON_SHELF</subfield>
      <subfield code="m">GPRC_GP</subfield>
      <subfield code="p">$150.00</subfield>
      <subfield code="r">Y</subfield>
      <subfield code="s">Y</subfield>
      <subfield code="t">BOOK</subfield>
      <subfield code="u">3/10/2015</subfield>
   </datafield>
</record>
